<record><leader>00000cas a2200000 a 4500</leader><controlfield tag="001">17557519</controlfield><controlfield tag="008">880229c19159999iludn ne      0   a0eng c</controlfield><datafield ind1=" " ind2=" " tag="010"><subfield code="a">sn 88086078 </subfield></datafield><datafield ind1=" " ind2=" " tag="040"><subfield code="a">NPV</subfield><subfield code="b">eng</subfield><subfield code="c">NPV</subfield><subfield code="d">NVF</subfield><subfield code="d">OCLCQ</subfield><subfield code="d">NVF</subfield><subfield code="d">OCLCF</subfield><subfield code="d">NVF</subfield><subfield code="d">OCLCO</subfield></datafield><datafield ind1="1" ind2=" " tag="029"><subfield code="a">AU@</subfield><subfield code="b">000025822175</subfield></datafield><datafield ind1=" " ind2=" " tag="042"><subfield code="a">pcc</subfield></datafield><datafield ind1=" " ind2=" " tag="043"><subfield code="a">n-us-il</subfield></datafield><datafield ind1="0" ind2=" " tag="130"><subfield code="a">Daily register (Harrisburg, Ill.)</subfield></datafield><datafield ind1="1" ind2="4" tag="245"><subfield code="a">The daily register.</subfield></datafield><datafield ind1="1" ind2="7" tag="246"><subfield code="a">Harrisburg daily register</subfield><subfield code="f">Jan. 11, 1919-Dec. 3, 1927</subfield></datafield><datafield ind1="1" ind2="3" tag="246"><subfield code="a">American weekend</subfield></datafield><datafield ind1="1" ind2="3" tag="246"><subfield code="a">Weekend</subfield></datafield><datafield ind1=" " ind2=" " tag="260"><subfield code="a">Harrisburg, Ill. :</subfield><subfield code="b">Register Pub. Co.,</subfield><subfield code="c">1915-</subfield></datafield><datafield ind1=" " ind2=" " tag="300"><subfield code="a">v.</subfield></datafield><datafield ind1=" " ind2=" " tag="310"><subfield code="a">Daily (except Sundays and holidays)</subfield></datafield><datafield ind1="1" ind2=" " tag="362"><subfield code="a">Began in 1915?</subfield></datafield><datafield ind1=" " ind2=" " tag="500"><subfield code="a">On Saturdays second section called: American Weekend, Oct. 28, 1989-Jan. 13, 1990, Aug. 4, 1990-, and: Weekend, Jan. 20-July 28, 1990.</subfield></datafield><datafield ind1=" " ind2=" " tag="500"><subfield code="a">Dec. 22, 1919 issue called also "Commercial edition."</subfield></datafield><datafield ind1=" " ind2=" " tag="588"><subfield code="a">Description based on: New series, vol. 1, no. 1 (June 28, 1915).</subfield></datafield><datafield ind1=" " ind2="0" tag="651"><subfield code="a">Harrisburg (Ill.)</subfield><subfield code="v">Newspapers.</subfield></datafield><datafield ind1=" " ind2="7" tag="651"><subfield code="a">Illinois</subfield><subfield code="z">Harrisburg.</subfield><subfield code="2">fast</subfield><subfield code="0">(OCoLC)fst01209500</subfield></datafield><datafield ind1=" " ind2="7" tag="655"><subfield code="a">Newspapers.</subfield><subfield code="2">fast</subfield><subfield code="0">(OCoLC)fst01423814</subfield></datafield><datafield ind1=" " ind2=" " tag="752"><subfield code="a">United States</subfield><subfield code="b">Illinois</subfield><subfield code="c">Saline</subfield><subfield code="d">Harrisburg.</subfield></datafield></record>